@article{r1,
author = "Truong Phuc Anh",
title = "AAAA"
}
